@book{bonan_2019, place = {Cambridge}, title = {Climate Change and Terrestrial Ecosystem Modeling}, DOI = {10.1017/9781107339217}, publisher = {Cambridge University Press}, author = {Bonan, Gordon}, year = {2019} }
@article{fme_2010,
    title = {Inverse modelling, sensitivity and {Monte} {Carlo} analysis in {R} using package {FME}},
    volume = {33},
    number = {3},
    journal = {Journal of statistical software},
    author = {Soetaert, Karline and Petzoldt, Thomas},
    year = {2010},
    pages = {1--28},
}